@INPROCEEDINGS{phantompen, 
author={S. Bayonat and M. Garcia and C. Mendoza and J. M. Ferniindez}, 
booktitle={International Conference on Medical Information Visualisation - BioMedical Visualisation (MedVis'06)}, 
title={Shoulder Arthroscopy Training System with Force Feedback}, 
year={2006}, 
volume={}, 
number={}, 
pages={71-76}, 
keywords={Force feedback;Shoulder;Surges;Minimally invasive surgery;Instruments;Pain;Anatomy;Learning systems;Costs;Joints}, 
doi={10.1109/MEDIVIS.2006.23}, 
ISSN={}, 
month={July},}

@inproceedings{antoinemri,
author = { Antoine  Serrurier,Andrea  Bönsch,Robert  Lau,Thomas M. Deserno},
title = {MRI visualisation by digitally reconstructed radiographs},
journal = {Proc.SPIE},
volume = {9418},
number = {},
pages = {9418 - 9418 - 7},
year = {2015},
doi = {10.1117/12.2081845},
URL = {https://doi.org/10.1117/12.2081845},
eprint = {}
}

@InProceedings{gilles2008,
author="Gilles, Benjamin
and Pai, Dinesh K.",
editor="Metaxas, Dimitris
and Axel, Leon
and Fichtinger, Gabor
and Sz{\'e}kely, G{\'a}bor",
title="Fast Musculoskeletal Registration Based on Shape Matching",
booktitle="Medical Image Computing and Computer-Assisted Intervention -- MICCAI 2008",
year="2008",
publisher="Springer Berlin Heidelberg",
address="Berlin, Heidelberg",
pages="822--829",
isbn="978-3-540-85990-1"
}

http://www.ascension-tech.com/medical/trakSTAR.php


@misc{Ascension ,
author = {Ascension Technology Corporation},
title = {trakSTAR},
howpublished ={\url{https://www.ascension-tech.com/products/}},
note = { Consulta: Octubre de 2018},
}

@misc{Philips ,
author = {Philips},
title = {Philips Sparq},
howpublished ={\url{https://www.philips.es/healthcare/product/HC795090CC/sparq-sistema-de-ultrasonido}},
note = { Consulta: Octubre 2018},
}

%%%%%%%%%%%%%%%%%%%%%%%%%%%%%%%%%%%%%
%%%%%%%%%% RASIMAS %%%%%%%%%%%%%%
%%%%%%%%%%%%%%%%%%%%%%%%%%%%%%%%%%
@inproceedings{Law2015,
 author = {Law, Yuen C. and Knott, Thomas and Pick, Sebastian and Weyers, Benjamin and Kuhlen, Torsten W.},
 title = {Simulation-based Ultrasound Training Supported by Annotations, Haptics and Linked Multimodal Views},
 booktitle = {Proceedings of the Eurographics Workshop on Visual Computing for Biology and Medicine},
 series = {VCBM '15},
 year = {2015},
 isbn = {978-3-905674-82-8},
 location = {Chester, United Kingdom},
 pages = {167--176},
 numpages = {10},
 url = {http://dx.doi.org/10.2312/vcbm.20151220},
 doi = {10.2312/vcbm.20151220},
 acmid = {2853978},
 publisher = {Eurographics Association},
 address = {Aire-la-Ville, Switzerland, Switzerland},
} 


@article{needleinsertion,
  author    = {Huu Phuoc Bui and
               Satyendra Tomar and
               R{\'{e}}mi Bessard{-}Duparc and
               Hadrien Courtecuisse and
               St{\'{e}}phane Cotin and
               St{\'{e}}phane P. A. Bordas},
  title     = {Real-time error controlled adaptive mesh refinement: Application to
               needle insertion simulation},
  journal   = {CoRR},
  volume    = {abs/1610.02570},
  year      = {2016},
  url       = {http://arxiv.org/abs/1610.02570},
  archivePrefix = {arXiv},
  eprint    = {1610.02570},
  timestamp = {Wed, 07 Jun 2017 14:41:51 +0200},
  biburl    = {https://dblp.org/rec/bib/journals/corr/BuiTBCCB16},
  bibsource = {dblp computer science bibliography, https://dblp.org}
}

@misc{sensegraphics2012open,
  title={Open Source Haptics—H3D. org},
  author={SenseGraphics, AB},

  note={Consulta: Julio de 2018},
  howpublished ={\url{http://www. h3dapi. org}}
}



